<record><leader>00000cas a2200000 a 4500</leader><controlfield tag="001">42593610</controlfield><controlfield tag="008">991007c19999999azuwr ne      0    0eng d</controlfield><datafield ind1=" " ind2=" " tag="010"><subfield code="a">sn 99068174 </subfield></datafield><datafield ind1=" " ind2=" " tag="040"><subfield code="a">POR</subfield><subfield code="b">eng</subfield><subfield code="c">POR</subfield><subfield code="d">ANN</subfield><subfield code="d">OCLCF</subfield><subfield code="d">OCLCO</subfield></datafield><datafield ind1=" " ind2=" " tag="037"><subfield code="b">Independent Newspapers, 10220 W. Bell Road, Suite 116, Sun City, AZ 85351.</subfield></datafield><datafield ind1=" " ind2=" " tag="043"><subfield code="a">n-us-az</subfield></datafield><datafield ind1="0" ind2="4" tag="245"><subfield code="a">The Peoria independent.</subfield></datafield><datafield ind1=" " ind2=" " tag="260"><subfield code="a">Sun City, Ariz. :</subfield><subfield code="b">Independent Newspapers, Inc.</subfield></datafield><datafield ind1=" " ind2=" " tag="300"><subfield code="a">v. : ill.</subfield></datafield><datafield ind1=" " ind2=" " tag="310"><subfield code="a">Weekly</subfield></datafield><datafield ind1="0" ind2=" " tag="362"><subfield code="a">Vol. 1, no. 1 (Oct. 7-14, 1999)-</subfield></datafield><datafield ind1=" " ind2="0" tag="651"><subfield code="a">Peoria (Ariz.)</subfield><subfield code="v">Newspapers.</subfield></datafield><datafield ind1=" " ind2="0" tag="651"><subfield code="a">Sun City (Ariz.)</subfield><subfield code="v">Newspapers.</subfield></datafield><datafield ind1=" " ind2="0" tag="651"><subfield code="a">Maricopa County (Ariz.)</subfield><subfield code="v">Newspapers.</subfield></datafield><datafield ind1=" " ind2="0" tag="651"><subfield code="a">Phoenix (Ariz.)</subfield><subfield code="v">Newspapers.</subfield></datafield><datafield ind1=" " ind2="7" tag="655"><subfield code="a">Newspapers.</subfield><subfield code="2">fast</subfield><subfield code="0">(OCoLC)fst01423814</subfield></datafield><datafield ind1=" " ind2="7" tag="651"><subfield code="a">Arizona</subfield><subfield code="z">Maricopa County.</subfield><subfield code="2">fast</subfield><subfield code="0">(OCoLC)fst01217111</subfield></datafield><datafield ind1=" " ind2="7" tag="651"><subfield code="a">Arizona</subfield><subfield code="z">Peoria.</subfield><subfield code="2">fast</subfield><subfield code="0">(OCoLC)fst01216808</subfield></datafield><datafield ind1=" " ind2="7" tag="651"><subfield code="a">Arizona</subfield><subfield code="z">Phoenix.</subfield><subfield code="2">fast</subfield><subfield code="0">(OCoLC)fst01213753</subfield></datafield><datafield ind1=" " ind2="7" tag="651"><subfield code="a">Arizona</subfield><subfield code="z">Sun City.</subfield><subfield code="2">fast</subfield><subfield code="0">(OCoLC)fst01216939</subfield></datafield><datafield ind1=" " ind2=" " tag="752"><subfield code="a">United States</subfield><subfield code="b">Arizona</subfield><subfield code="c">Maricopa</subfield><subfield code="d">Sun City.</subfield></datafield><datafield ind1="0" ind2=" " tag="775"><subfield code="t">Sun City West independent</subfield><subfield code="w">(DLC)sn 2001060151</subfield></datafield><datafield ind1="0" ind2=" " tag="775"><subfield code="t">Sun Cities independent</subfield><subfield code="w">(DLC)sn 95060866</subfield></datafield><datafield ind1="0" ind2=" " tag="775"><subfield code="t">Arrowhead Ranch independent</subfield><subfield code="w">(DLC)sn 99068161</subfield></datafield><datafield ind1="0" ind2=" " tag="775"><subfield code="t">Surprise independent</subfield><subfield code="w">(DLC)sn 99068129</subfield></datafield></record>